@misc{canonical_ubuntu_2021,
	address = {London},
	title = {Ubuntu {Server}},
	url = {https://wiki.ubuntu.com/FocalFossa/ReleaseNotes?_ga=2.202901329.1166669392.1642903327-1244252401.1642903327},
	author = {{Canonical}},
	year = {2021},
}

@misc{rstudio_team_rstudio_2021,
	address = {Boston},
	title = {{RStudio}: {Integrated} {Development} for {R}},
	url = {http://www.rstudio.com/},
	publisher = {Rstudio PBC},
	author = {Rstudio},
	year = {2021},
}


@book{tintinalli_2020,
	address = {New York},
	edition = {9th},
	title = {Tintinalli's emergency medicine : a comprehensive study guide},
	publisher = {McGraw-Hill Education},
	author = {Tintinalli, Judith E and Stapczynski, Stephan and Ma, O John and Yealy, Donald M and Meckler, Garth D},
	year = {2020},
}

@book{rosen_2017,
	address = {Philadelphia},
	edition = {9th},
	title = {Rosen's {Emergency} {Medicine}: {Concepts} and {Clinical} {Practice}},
	publisher = {Elsevier},
	author = {Walls, Ron and Hockberger, Robert and Gausche-Hill, Marianne},
	year = {2017},
}

@book{marino_2015,
	address = {Philadelphia},
	edition = {4th},
	title = {Marino's {The} {ICU} {Book}},
	publisher = {Wolter Kluwer},
	author = {Marino, Paul L},
	year = {2015},
}

@book{who_clinical_2014,
	address = {Geneva},
	title = {Clinical {Criteria} for the {Determination} of {Death} - {WHO} {Technical} {Expert} {Consultation}},
	language = {en},
	publisher = {World Health Organization},
	author = {{World Health Organization}},
	year = {2014},
	url = {https://apps.who.int/iris/bitstream/handle/10665/254737/WHO-HIS-SDS-2017.5-eng.pdf;jsessionid=623C97B75CD26431B5E4D548292B5AB4?sequence=1},
}

@book{who_death_1979,
	address = {Geneva},
	title = {Medical {Certification} of {Cause} of {Death}},
	url = {https://apps.who.int/iris/bitstream/handle/10665/40557/9241560622.pdf},
	publisher = {World Health Organization},
	author = {{World Health Organization}},
	year = {1979},
}

@misc{texas_2007,
	title = {{IV} {Insulin} {Infusion} {Protocol} for {Critically}-{Ill} {Adult} {Patients} in the {ICU} {Setting}},
	url = {https://www.dshs.texas.gov/txdiabetes/toolkit/Treatment-Algorithms,-Protocols,-Guidelines-and-Recommendations/},
	urldate = {2022-02-16},
	publisher = {Texas Department of State Health Service},
	author = {Texas Department of State Health Service},
	year = {2007},
	file = {Treatment-Algorithms,-Protocols,-Guidelines-and-Recommendations.pdf:/home/kadek/Zotero/storage/IHBA8GUY/Treatment-Algorithms,-Protocols,-Guidelines-and-Recommendations.pdf:application/pdf},
}

@book{shiber_2020,
	address = {Switzerland},
	title = {Emergency {Department} {Critical} {Care}},
	publisher = {Springer},
	editor = {Shiber, Joseph R and Weingart, Scott D},
	year = {2020},
}

@article{AHA_2005,
	title = {Part 10.1: {Life}-{Threatening} {Electrolyte} {Abnormalities}},
	author = {American Heart Association},
	volume = {112},
	issn = {0009-7322, 1524-4539},
	shorttitle = {Part 10.1},
	url = {https://www.ahajournals.org/doi/10.1161/CIRCULATIONAHA.105.166563},
	doi = {10.1161/CIRCULATIONAHA.105.166563},
	abstract = {Electrolyte abnormalities are among the most common causes of cardiac arrhythmias, and they can cause or complicate attempted resuscitation and postresuscitation care. A high degree of clinical suspicion and aggressive treatment of underlying electrolyte abnormalities can prevent these abnormalities from progressing to cardiac arrest.},
	language = {en},
	number = {24\_supplement},
	urldate = {2022-02-16},
	journal = {Circulation},
	month = dec,
	year = {2005},
	file = {2005 - Part 10.1 Life-Threatening Electrolyte Abnormalit.pdf:/home/kadek/Zotero/storage/QH58RFCP/2005 - Part 10.1 Life-Threatening Electrolyte Abnormalit.pdf:application/pdf},
}

@book{IDAI_2016,
	address = {Jakarta},
	title = {Buku {Saku} {Dosis} {Obat} {Pediatri}},
	publisher = {Ikatan Dokter Anak Indonesia},
	editor = {Tambunan, Taralan and Karyanti, Mulya Rahma and Indawati, Wahyuni and Rundjan, Lily and Alam, Anggraini and Yuniar, Irene},
	year = {2016},
	file = {buku-dosis-obat-anak-idaipdf.pdf:/home/kadek/Zotero/storage/MZF2IWN3/buku-dosis-obat-anak-idaipdf.pdf:application/pdf},
}